@inproceedings{efros1999texture,
  title={Texture synthesis by non-parametric sampling},
  author={Efros, Alexei A and Leung, Thomas K},
  booktitle={ICCV},
  year={1999},
}

@book{forsyth2012computer,
  title={Computer vision: a modern approach},
  author={Forsyth, David A and Ponce, Jean},
  year={2012},
  publisher={Pearson,}
}

@inproceedings{gatys2016image,
  title={Image style transfer using convolutional neural networks},
  author={Gatys, Leon A and Ecker, Alexander S and Bethge, Matthias},
  booktitle={CVPR},
  year={2016}
}

@inproceedings{johnson2016perceptual,
  title={Perceptual losses for real-time style transfer and super-resolution},
  author={Johnson, Justin and Alahi, Alexandre and Fei-Fei, Li},
  booktitle={ECCV},
  year={2016},
}

@inproceedings{huang2017arbitrary,
  title={Arbitrary style transfer in real-time with adaptive instance normalization},
  author={Huang, Xun and Belongie, Serge},
  booktitle={ICCV},
  year={2017}
}